@article{prat2019,
  title = {Animals have no language, and humans are animals too},
  author = {Prat, Yosef},
  year = {2019},
  journal = {Perspectives on Psychological Science},
  volume = {14},
  number = {5},
  pages = {885--893},
  doi = {10.1177/1745691619858402}
}

@book{croft2002,
  title = {Typology and universals},
  author = {Croft, William},
  year = {2002},
  publisher = {Cambridge: Cambridge University Press},
  doi = {10.1002/9781119072256.ch3}
}

@book{jakobson1951,
  title = {Preliminaries to speech analysis. {{The}} distinctive features and their correlates},
  author = {Jakobson, Roman and Fant, Gunnar and Halle, Morris},
  year = {1951},
  publisher = {MIT Press, Cambridge MA}
}

@incollection{menn2011,
  title = {Features in child phonology},
  booktitle = {Where do phonological features come from? {{Cognitive}}, physical and developmental bases of distinctive speech categories},
  author = {Menn, Lise and Vihman, Marilyn May},
  editor = {Clements, G. Nick and Ridouane, Rachid},
  year = {2011},
  pages = {261--301},
  publisher = {John Benjamins Publishing},
  doi = {10.1075/lfab.6.10men}
}

@misc{coretta2025,
  title = {Vitality assessment of {{Gallo-Romance}} of {{Northern Italy}} [{{Research Compendium}} v1.0]},
  shorttitle = {stefanocoretta/grni-vitality},
  author = {Coretta, Stefano and Hampton, Jessica and De Cia, Simone},
  year = {2025},
  month = jun,
  publisher = {Zenodo},
  doi = {10.5281/ZENODO.15715938},
  urldate = {2025-06-22},
  abstract = {Vitality assessment of Gallo-Romance of Northern Italy},
  copyright = {Creative Commons Attribution 4.0 International}
}

@inproceedings{strycharczuk2015,
  title = {Velocity measures in ultrasound data. {{Gestural}} timing of post-vocalic /l/ in {{English}}},
  booktitle = {Proceedings of the 18th {{International Congress}} of {{Phonetic Sciences}}},
  author = {Strycharczuk, Patrycja and Scobbie, James M.},
  year = {2015},
  pages = {1--5}
}

@misc{rcoreteam2025,
  title = {R: a language and environment for statistical computing [version 4.5.0]},
  author = {{R Core Team}},
  year = {2025},
  published = {R Foundation for Statistical Computing, Vienna, Austria}
}

@phdthesis{alfarano2021,
  title = {A grammar of {{Nal{\"o}go}}, an {{Oceanic}} language of {{Santa Cruz}}},
  author = {Alfarano, Valentina},
  year = {2021},
  school = {Institut National des Langues et Civilisations Orientales (LACITO), Paris}
}

@misc{lindsey2017,
  title = {The vowel space},
  author = {Lindsey, Geoff},
  year = {2017},
  howpublished = {\url{https://www.englishspeechservices.com/blog/the-vowel-space/}},
  langid = {11/04/2025}
}
